@article {SG,
	author = {Solan, Eilon and Vieille, Nicolas},
	title = {Stochastic games},
	volume = {112},
	number = {45},
	pages = {13743--13746},
	year = {2015},
	doi = {10.1073/pnas.1513508112},
	publisher = {National Academy of Sciences},
	abstract = {In 1953, Lloyd Shapley contributed his paper {\textquotedblleft}Stochastic games{\textquotedblright} to PNAS. In this paper, he defined the model of stochastic games, which were the first general dynamic model of a game to be defined, and proved that it admits a stationary equilibrium. In this Perspective, we summarize the historical context and the impact of Shapley{\textquoteright}s contribution.},
	issn = {0027-8424},
	URL = {https://www.pnas.org/content/112/45/13743},
	eprint = {https://www.pnas.org/content/112/45/13743.full.pdf},
	journal = {Proceedings of the National Academy of Sciences}
}


@inproceedings{MDP,
    title={Markov Decision Processes: Discrete Stochastic Dynamic Programming},
    author={Martin L. Puterman},
    booktitle={Wiley Series in Probability and Statistics},
    year={1994}
}

@article{alphaPSRO,
  author    = {Paul Muller and
               Shayegan Omidshafiei and
               Mark Rowland and
               Karl Tuyls and
               Julien P{\'{e}}rolat and
               Siqi Liu and
               Daniel Hennes and
               Luke Marris and
               Marc Lanctot and
               Edward Hughes and
               Zhe Wang and
               Guy Lever and
               Nicolas Heess and
               Thore Graepel and
               R{\'{e}}mi Munos},
  title     = {A Generalized Training Approach for Multiagent Learning},
  journal   = {CoRR},
  volume    = {abs/1909.12823},
  year      = {2019},
  url       = {http://arxiv.org/abs/1909.12823},
  eprinttype = {arXiv},
  eprint    = {1909.12823},
  timestamp = {Fri, 09 Oct 2020 09:46:58 +0200},
  biburl    = {https://dblp.org/rec/journals/corr/abs-1909-12823.bib},
  bibsource = {dblp computer science bibliography, https://dblp.org}
}

@article{survey,
  author    = {Yunlong Lu and
               Kai Yan},
  title     = {Algorithms in Multi-Agent Systems: {A} Holistic Perspective from Reinforcement
               Learning and Game Theory},
  journal   = {CoRR},
  volume    = {abs/2001.06487},
  year      = {2020},
  url       = {https://arxiv.org/abs/2001.06487},
  eprinttype = {arXiv},
  eprint    = {2001.06487},
  timestamp = {Fri, 24 Jan 2020 15:00:57 +0100},
  biburl    = {https://dblp.org/rec/journals/corr/abs-2001-06487.bib},
  bibsource = {dblp computer science bibliography, https://dblp.org}
}

@misc{ESS,
      title={Can Deep Reinforcement Learning Solve Erdos-Selfridge-Spencer Games?}, 
      author={Maithra Raghu and Alex Irpan and Jacob Andreas and Robert Kleinberg and Quoc V. Le and Jon Kleinberg},
      year={2018},
      eprint={1711.02301},
      archivePrefix={arXiv},
      primaryClass={cs.AI}
}

@misc{PSRO,
      title={A Unified Game-Theoretic Approach to Multiagent Reinforcement Learning}, 
      author={Marc Lanctot and Vinicius Zambaldi and Audrunas Gruslys and Angeliki Lazaridou and Karl Tuyls and Julien Perolat and David Silver and Thore Graepel},
      year={2017},
      eprint={1711.00832},
      archivePrefix={arXiv},
      primaryClass={cs.AI}
}

@misc{dip,
      title={Learning to Play No-Press Diplomacy with Best Response Policy Iteration}, 
      author={Thomas Anthony and Tom Eccles and Andrea Tacchetti and János Kramár and Ian Gemp and Thomas C. Hudson and Nicolas Porcel and Marc Lanctot and Julien Pérolat and Richard Everett and Roman Werpachowski and Satinder Singh and Thore Graepel and Yoram Bachrach},
      year={2020},
      eprint={2006.04635},
      archivePrefix={arXiv},
      primaryClass={cs.LG}
}

@article{alphalpha,
  title     = {{\(\alpha\)}\({}^{\mbox{{\(\alpha\)}}}\)-Rank: Scalable Multi-agent
               Evaluation through Evolution},
  journal   = {CoRR},
  volume    = {abs/1909.11628},
  year      = {2019},
  note      = {Withdrawn.},
  url       = {http://arxiv.org/abs/1909.11628},
  eprinttype = {arXiv},
  eprint    = {1909.11628},
  timestamp = {Tue, 15 Oct 2019 13:34:30 +0200},
  biburl    = {https://dblp.org/rec/journals/corr/abs-1909-11628.bib},
  bibsource = {dblp computer science bibliography, https://dblp.org}
}

@misc{alpha,
      title={alpha-Rank: Multi-Agent Evaluation by Evolution}, 
      author={Shayegan Omidshafiei and Christos Papadimitriou and Georgios Piliouras and Karl Tuyls and Mark Rowland and Jean-Baptiste Lespiau and Wojciech M. Czarnecki and Marc Lanctot and Julien Perolat and Remi Munos},
      year={2019},
      eprint={1903.01373},
      archivePrefix={arXiv},
      primaryClass={cs.MA}
}

@article{atari,
  author    = {Marc G. Bellemare and
               Yavar Naddaf and
               Joel Veness and
               Michael Bowling},
  title     = {The Arcade Learning Environment: An Evaluation Platform for General
               Agents},
  journal   = {CoRR},
  volume    = {abs/1207.4708},
  year      = {2012},
  url       = {http://arxiv.org/abs/1207.4708},
  eprinttype = {arXiv},
  eprint    = {1207.4708},
  timestamp = {Mon, 13 Aug 2018 16:46:44 +0200},
  biburl    = {https://dblp.org/rec/journals/corr/abs-1207-4708.bib},
  bibsource = {dblp computer science bibliography, https://dblp.org}
}

@article{goodone,
  author    = {Mark Rowland and
               Shayegan Omidshafiei and
               Karl Tuyls and
               Julien P{\'{e}}rolat and
               Michal Valko and
               Georgios Piliouras and
               R{\'{e}}mi Munos},
  title     = {Multiagent Evaluation under Incomplete Information},
  journal   = {CoRR},
  volume    = {abs/1909.09849},
  year      = {2019},
  url       = {http://arxiv.org/abs/1909.09849},
  eprinttype = {arXiv},
  eprint    = {1909.09849},
  timestamp = {Fri, 27 Sep 2019 13:04:21 +0200},
  biburl    = {https://dblp.org/rec/journals/corr/abs-1909-09849.bib},
  bibsource = {dblp computer science bibliography, https://dblp.org}
}

@article{IM,
  author    = {Tabish Rashid and
               Cheng Zhang and
               Kamil Ciosek},
  title     = {Estimating {\(\alpha\)}-Rank by Maximizing Information Gain},
  journal   = {CoRR},
  volume    = {abs/2101.09178},
  year      = {2021},
  url       = {https://arxiv.org/abs/2101.09178},
  eprinttype = {arXiv},
  eprint    = {2101.09178},
  timestamp = {Sat, 30 Jan 2021 18:02:51 +0100},
  biburl    = {https://dblp.org/rec/journals/corr/abs-2101-09178.bib},
  bibsource = {dblp computer science bibliography, https://dblp.org}
}

